<record><leader>00000cas a2200000 a 4500</leader><controlfield tag="001">42339465</controlfield><controlfield tag="007">hd afb---bucu</controlfield><controlfield tag="007">hd bfb---bubu</controlfield><controlfield tag="008">811201d19021938wauwr nea     0   a0eng c</controlfield><datafield ind1=" " ind2=" " tag="010"><subfield code="a">  2005252086</subfield></datafield><datafield ind1=" " ind2=" " tag="040"><subfield code="a">Wa</subfield><subfield code="b">eng</subfield><subfield code="c">WRJ</subfield><subfield code="d">WAU</subfield><subfield code="d">OCLCQ</subfield><subfield code="d">OCLCF</subfield><subfield code="d">OCLCO</subfield></datafield><datafield ind1="1" ind2=" " tag="029"><subfield code="a">AU@</subfield><subfield code="b">000026553944</subfield></datafield><datafield ind1=" " ind2=" " tag="042"><subfield code="a">pcc</subfield></datafield><datafield ind1=" " ind2=" " tag="043"><subfield code="a">n-us-wa</subfield></datafield><datafield ind1="0" ind2=" " tag="082"><subfield code="a">071.9782</subfield><subfield code="2">19</subfield></datafield><datafield ind1="0" ind2="0" tag="245"><subfield code="a">Lewis County advocate</subfield><subfield code="h">[microform].</subfield></datafield><datafield ind1=" " ind2=" " tag="260"><subfield code="a">Chehalis, Wash. :</subfield><subfield code="b">[Advocate Print. Co.],</subfield><subfield code="c">-1938.</subfield></datafield><datafield ind1=" " ind2=" " tag="300"><subfield code="a">v. :</subfield><subfield code="b">ill.</subfield></datafield><datafield ind1=" " ind2=" " tag="310"><subfield code="a">Weekly,</subfield><subfield code="b">1938</subfield></datafield><datafield ind1=" " ind2=" " tag="321"><subfield code="a">Weekly,</subfield><subfield code="b">&lt;Mar. 17, 1922&gt;-Mar. 1934</subfield></datafield><datafield ind1=" " ind2=" " tag="321"><subfield code="a">Semiweekly,</subfield><subfield code="b">Apr. 1934-1937</subfield></datafield><datafield ind1="1" ind2=" " tag="362"><subfield code="a">Began in 1902.</subfield><subfield code="z">Cf. Newspapers in microform : United States, 1948-1972.</subfield></datafield><datafield ind1="0" ind2=" " tag="362"><subfield code="a">-v. 45, no. 74 (July 28, 1938).</subfield></datafield><datafield ind1=" " ind2=" " tag="515"><subfield code="a">Issues for &lt;Mar. 17, 1922&gt;-Aug. 7, 1925 also called whole no. &lt;1137&gt;-1344.</subfield></datafield><datafield ind1=" " ind2=" " tag="580"><subfield code="a">Merged with: Chehalis bee-nugget, to form: Chehalis advocate.</subfield></datafield><datafield ind1=" " ind2=" " tag="588"><subfield code="a">Description based on: Vol. 29, no. 31 (Mar. 17, 1922).</subfield></datafield><datafield ind1=" " ind2=" " tag="533"><subfield code="a">Microfilm.</subfield><subfield code="b">[Seattle, Wash.] :</subfield><subfield code="c">University of Washington Library.</subfield><subfield code="e">14 microfilm reels ; 35 mm.</subfield></datafield><datafield ind1=" " ind2="0" tag="651"><subfield code="a">Lewis County (Wash.)</subfield><subfield code="v">Newspapers.</subfield></datafield><datafield ind1=" " ind2="0" tag="651"><subfield code="a">Chehalis (Wash.)</subfield><subfield code="v">Newspapers.</subfield></datafield><datafield ind1=" " ind2="7" tag="655"><subfield code="a">Newspapers.</subfield><subfield code="2">fast</subfield><subfield code="0">(OCoLC)fst01423814</subfield></datafield><datafield ind1=" " ind2="7" tag="651"><subfield code="a">Washington (State)</subfield><subfield code="z">Chehalis.</subfield><subfield code="2">fast</subfield><subfield code="0">(OCoLC)fst01222723</subfield></datafield><datafield ind1=" " ind2="7" tag="651"><subfield code="a">Washington (State)</subfield><subfield code="z">Lewis County.</subfield><subfield code="2">fast</subfield><subfield code="0">(OCoLC)fst01207311</subfield></datafield><datafield ind1=" " ind2=" " tag="752"><subfield code="a">United States</subfield><subfield code="b">Washington</subfield><subfield code="c">Lewis</subfield><subfield code="d">Chehalis.</subfield></datafield><datafield ind1="1" ind2=" " tag="776"><subfield code="c">Original</subfield><subfield code="w">(DLC)sn 88085052</subfield><subfield code="w">(OCoLC)17315604</subfield></datafield><datafield ind1="0" ind2="0" tag="780"><subfield code="t">Peoples advocate (Chehalis, Wash.)</subfield></datafield><datafield ind1="1" ind2="7" tag="785"><subfield code="t">Chehalis bee-nugget</subfield><subfield code="w">(DLC)  2005252084</subfield><subfield code="w">(OCoLC)57467195</subfield></datafield><datafield ind1="1" ind2="7" tag="785"><subfield code="t">Chehalis advocate</subfield><subfield code="w">(DLC)  2005252087</subfield></datafield></record>